%######################################################################
%###   reference bib file for the docu                              ###
%###                                                                ###
%###   just to start somehow...                                     ###
%###   please change/modify as you like (mn)                        ###
%###                                                                ###
%######################################################################


@InProceedings{neumann07:rat,
  author = 	 {Neumann, M. and Reigber, A. and J\"ager, M. and Guillaso, S. and Hellwich, O.},
  title = 	 {{Multibaseline PolInSAR Module for SAR Data Processing and Analysis in RAT (Radar Tools)}},
  booktitle =	 {Proc. {POLINSAR}},
  year =	 2007,
  address =	 {Frascati},
  month =	 {Jan.}
}

%%%%%%%%%%%%%%%%%%%%%%%%%%%%%%% 2005 %%%%%%%%%%%%%%%%%%%%%%%%%%%%%%%%%%

@ARTICLE{guillaso05:buildings,
   author = {St{\'e}phane Guillaso and Laurent Ferro-Famil and Andreas Reigber and Eric Pottier},
   title = {{Building Characterisation Using L-Band Polarimetric Interferometric SAR Data}},
   journal = {{IEEE} Geosci. Remote Sensing Letters (In Print)},
   year = {2005},
}

%%%%%%%%%%%%%%%%%%%%%%%%%%%%%%%%%%%%%%%%%%%%%%%%%%%%%%%%%%%%%%%%%%%%%%%
%%%%%%%%%%%%%%%%%%%%%%%%%%   IGARSS '05   %%%%%%%%%%%%%%%%%%%%%%%%%%%%%
%%%%%%%%%%%%%%%%%%%%%%%%%%%%%%%%%%%%%%%%%%%%%%%%%%%%%%%%%%%%%%%%%%%%%%%

@INPROCEEDINGS{guillaso05:esprit,
   author = {St\'ephane Guillaso and Andreas Reigber and Laurent Ferro-Famil},
   title = {{Evaluation of the ESPRIT Approach in Polarimetric Interferometric SAR}},
   booktitle = {Proceedings of IGARSS'05},
   year = {2005},
   address = {Seoul, Korea},
   month = {July},
}

%%%%%%%%%%%%%%%%%%%%%%%%%%%%%%%%%%%%%%%%%%%%%%%%%%%%%%%%%%%%%%%%%%%%%%%
%%%%%%%%%%%%%%%%%%%%%%%%%%  POLINSAR '05  %%%%%%%%%%%%%%%%%%%%%%%%%%%%%
%%%%%%%%%%%%%%%%%%%%%%%%%%%%%%%%%%%%%%%%%%%%%%%%%%%%%%%%%%%%%%%%%%%%%%%

@InProceedings{neumann05:rat,
  author = 	 {M. Neumann and A. Reigber and S. Guillaso and M. J\"ager and O. Hellwich},
  title = 	 {{PolInSAR data processing with RAT (Radar Tools)}},
  booktitle =	 {{Proceedings of POLINSAR'05}},
  year =	 2005,
  address =	 {Frascati},
  month =	 {Jan.}
}





%%%%%%%%%%%%%%%%%%%%%%%%%%%%%%% 2004 %%%%%%%%%%%%%%%%%%%%%%%%%%%%%%%%%%

%%%%%%%%%%%%%%%%%%%%%%%%%%%%%%%%%%%%%%%%%%%%%%%%%%%%%%%%%%%%%%%%%%%%%%%
%%%%%%%%%%%%%%%%%%%%%%%%%%   IGARSS '04   %%%%%%%%%%%%%%%%%%%%%%%%%%%%%
%%%%%%%%%%%%%%%%%%%%%%%%%%%%%%%%%%%%%%%%%%%%%%%%%%%%%%%%%%%%%%%%%%%%%%%

@INPROCEEDINGS{vasile04:coh,
  author = {G. Vasile and E. Trouve and M. Ciuc and P. Bolon and V. Buzuloiu},
  title = {Improving coherence estimation for high-resolution polarimetric SAR interferometry},
  booktitle = {Proceedings of IGARSS'04},
  year = {2004},
  volume = {3},
  pages = {1796-1799},
  address = {Anchorage},
  month = {September},
}




%%%%%%%%%%%%%%%%%%%%%%%%%%%%%%% 2003 %%%%%%%%%%%%%%%%%%%%%%%%%%%%%%%%%%

@Article{cloude03:inversion,
  author = 	 {S.R. Cloude and K.P. Papthanassiou},
  title = 	 {Three--stage inversion process for polarimetric SAR interferometry},
  journal =	 {IEE Proceedings - Radar, Sonar and Navigation},
  pages =	 {125-134},
  year =	 2003,
  volume =	 150,
  month =	 {June}
}

@Article{ferro-famil03:subap,
  author = 	 {L. Ferro-Famil and A. Reigber and E. Pottier and W.-M. Boerner},
  title = 	 {{Scene characterization using subaperture polarimetric SAR data}},
  journal = 	 {IEEE Transactions on Geoscience and Remote Sensing},
  year = 	 {2003},
  volume =	 {41},
  pages =	 {2264-2276},
  month =	 {Oct.},
}

@INPROCEEDINGS{reigber04:rat,
  author = {A. Reigber and O. Hellwich},
  title = {{RAT (Radar Tools): A free SAR Image Analysis Software Package}},
  booktitle = {Proceedings of EUSAR'04},
  year = {2004},
  pages = {997-1000},
  address = {Ulm},
}

%%%%%%%%%%%%%%%%%%%%%%%%%%%%%%%%%%%%%%%%%%%%%%%%%%%%%%%%%%%%%%%%%%%%%%%
%%%%%%%%%%%%%%%%%%%%%%%%%%   IGARSS '03   %%%%%%%%%%%%%%%%%%%%%%%%%%%%%
%%%%%%%%%%%%%%%%%%%%%%%%%%%%%%%%%%%%%%%%%%%%%%%%%%%%%%%%%%%%%%%%%%%%%%%

%%%%%%%%%%%%%%%%%%%%%%%%%%%%%%%%%%%%%%%%%%%%%%%%%%%%%%%%%%%%%%%%%%%%%%%
%%%%%%%%%%%%%%%%%%%%%%%%%%  POLINSAR '03  %%%%%%%%%%%%%%%%%%%%%%%%%%%%%
%%%%%%%%%%%%%%%%%%%%%%%%%%%%%%%%%%%%%%%%%%%%%%%%%%%%%%%%%%%%%%%%%%%%%%%

@InProceedings{lee03:pol-orientation,
  author = 	 {Jong-Sen Lee and Thomas L. Ainsworth and Dale L. Schuler},
  title = 	 {{A Review of Polarization Orientation Estimation from Polarimetric SAR Data}},
  booktitle =	 {{Proceedings of POLINSAR'03}},
  year =	 2003,
  address =	 {Frascati},
  month =	 {Jan.}
}

@INPROCEEDINGS{colin03:cohopt,
  author = {{Colin}, E. and {Titin-Schnaider}, C. and {Tabbara}, W.},
  title = {{Investigation on Different Interferometric Coherence
                  Optimization Methods}},
  booktitle = {{Proceedings of POLINSAR'03}},
  year = {2003},
  address = {Frascati},
  month = {Jan.},
}




%%%%%%%%%%%%%%%%%%%%%%%%%%%%%%% 2002 %%%%%%%%%%%%%%%%%%%%%%%%%%%%%%%%%%

@INPROCEEDINGS{flynn02:cohshape,
  author = {T. Flynn and M. Tabb and R. Carande},
  title = {{Coherence region shape extraction for vegetation parameter estimation in polarimetric SAR interferometry}},
  booktitle = {Proceedings of IGARSS'02},
  year = {2002},
  volume = {5},
  pages = {2596-2598},
  address = {Toronto},
  month = {June},
}


%%%%%%%%%%%%%%%%%%%%%%%%%%%%%%% 2001 %%%%%%%%%%%%%%%%%%%%%%%%%%%%%%%%%%

@ARTICLE{yamada01:esprit,
  author = {H. Yamada and Y. Yamaguchi and Y. Kim and E. Rodriguez and W.M. Boerner},
  title = {{Polarimetric SAR Interferometry for Forest analysis based on the ESPRIT algorithm}},
  journal = {IEICE Trans. Electron.},
  year = {2001},
  volume = {E84-C},
  pages = {1917-1924},
}

@Article{papa01:polinsar,
  author = 	 {K.P. Papathanassiou and S.R. Cloude},
  title = 	 {Single--baseline polarimetric SAR interferometry},
  journal =	 {IEEE Transactions on Geoscience and Remote Sensing},
  pages =	 {2352 - 2363},
  year =	 2001,
  volume =	 39,
  month =	 {Nov.}
}



%%%%%%%%%%%%%%%%%%%%%%%%%%%%%%% 2000 %%%%%%%%%%%%%%%%%%%%%%%%%%%%%%%%%%



%%%%%%%%%%%%%%%%%%%%%%%%%%%%%%% 1999 %%%%%%%%%%%%%%%%%%%%%%%%%%%%%%%%%%

@ARTICLE{lee99:polspeckle,
  author = {J.S. Lee and M.R. Grunes and G. de Grandi},
  title = {{Polarimetric SAR speckle filtering and its implication for classification}},
  journal = {IEEE Transactions on Geoscience and Remote Sensing},
  year = {1999},
  volume = {37},
  pages = {2363-2373},
  month = {Sept.},
}

@INPROCEEDINGS{reigber99:rsf,
  author = {A. Reigber},
  title = {{Range Dependent Spectral Filtering to Minimize the Baseline Decorrelation in Airborne SAR Interferometry}},
  booktitle = {Proceedings of IGARSS'99},
  year = {1999},
  pages = {1721-1723},
  address = {Hamburg},
}

@PhdThesis{papa99:phd,
  author = 	 {K.P. Papathanassiou},
  title = 	 {{Polarimetric SAR Interferometry}},
  school = 	 {Technische Universit{\"a}t Graz},
  year = 	 1999
}



%%%%%%%%%%%%%%%%%%%% 1998 %%%%%%%%%%%%%%%%%%

@ARTICLE{bamler98:insar,
  author = {R. Bamler and P. Hartl},
  title = {{Synthetic aperture radar interferometry}},
  journal = {Inverse Problems},
  year = {1998},
  volume = {14},
  pages = {R1--R54},
}

@ARTICLE{cloude98:polinsar,
  author = {S.R. Cloude and K.P. Papathanassiou},
  title = {{Polarimetric SAR Interferometry}},
  journal = {IEEE Transactions on Geoscience and Remote Sensing},
  year = {1998},
  volume = {36},
  pages = {1551-1565},
  month = {Sept.},
}

%%%%%%%%%%%%%%%%% <= 1997 %%%%%%%%%%%%%%%%%%

@InProceedings{seymour94:cramer-rao,
  author = 	 {Seymour, M.S. and Cumming, I.G.},
  title = 	 {Maximum likelihood estimation for SAR interferometry},
  booktitle =	 {IEEE Proceedings of IGARSS'94},
  pages =	 {2272-2275},
  year =	 1994,
  volume =	 4,
  address =	 {Pasadena, USA},
  month =	 {Aug.}
}

@ARTICLE{gatelli94:wavenumber,
  author = {F. Gatelli and A.M. Guarnieri and F. Parizzi and P. Pasquali and C. Prati and F. Rocca},
  title = {{The Wavenumber Shift in SAR Interferometry}},
  journal = {IEEE Transactions on Geoscience and Remote Sensing},
  year = {1994},
  volume = {32},
  number = {4},
  pages = {855-865},
  month = July,
  keyword = {SAR, InSAR, Wavenumber Shift, InSAR Nois Reduction, InSAR Filtering, ERS},
}

@Article{zebker92:decor,
  author = 	 { Zebker, H.A. and Villasenor, J.},
  title = 	 {Decorrelation in interferometric radar echoes},
  journal = 	 {IEEE Transactions on Geoscience and Remote Sensing},
  year = 	 1992,
  volume =	 30,
  pages =	 {950 - 959 },
  month =	 {Sept.}
}

@ARTICLE{roy89:esprit,
  author = {R. Roy and T. Kailath},
  title = {{ESPRIT - Estimation of signal parameters via rotational invariance techniques}},
  journal = {IEEE Trans. Acoust., Speech and Signal Process.},
  year = {1989},
  volume = {37},
  number = {7},
  pages = {984-995},
  month = {July},
}

@MISC{web:idlvm,
  note = {{IDL Virtual Machine}: \emph{http://www.rsinc.com/vm} },
}

